%%% -*-BibTeX-*-
%%% ====================================================================
%%% This is a collection of sample BibTeX entries that have been
%%% prettyprinted by bibclean, ordered by biborder, and sorted by
%%% bibsort.
%%%
%%% Bibliography tools available on *.math.utah.edu are documented
%%% by the standard Unix "man" command, and include at least these:
%%%
%%%     bibcheck
%%%     bibclean
%%%     bibdup
%%%     bibextract
%%%     bibjoin
%%%     biblabel
%%%     biblex
%%%     biborder
%%%     bibparse
%%%     bibsearch
%%%     bibsort
%%%     bibsplit
%%%     bibsql
%%%     bibtex
%%%     bibtosql
%%%     bibunlex
%%%
%%% [30-Mar-2016]
%%% ====================================================================
%%% annie here






%%% ====================================================================

@Preamble{
 "\def \noopsort #1{}"
}

%%% ====================================================================
%%% Journal abbreviations:

%%%@String{j-ANN-HIST-COMPUT       = "Annals of the History of Computing"}
%%%
%%%@String{j-ANN-MATH              = "Annals of Mathematics"}
%%%
%%%@String{j-ANN-PHYS-1900-4       = "Annalen der Physik (1900) (series 4)"}
%%%
%%%@String{j-BELL-SYST-TECH-J      = "The Bell System Technical Journal"}
%%%
%%%@String{j-CBM                   = "Computers in Biology and Medicine"}
%%%
%%%@String{j-COMPUTER              = "Computer"}
%%%
%%%@String{j-HIST-STUD-PHYS-SCI    = "Historical Studies in the Physical Sciences"}
%%%
%%%@String{j-J-STAT-PLANN-INFERENCE = "Journal of Statistical Planning and
                                  Inference"}
%%%
%%%@String{j-MATH-TABLES-OTHER-AIDS-COMPUT = "Mathematical Tables and Other Aids
                                 to Computation"}
%%%
%%%@String{j-MONTHLY-NOT-ROY-ASTRON-SOC = "Monthly Notices of the Royal
                                  Astronomical Society"}
%%%
%%%@String{j-PROBAB-THEORY-RELAT-FIELDS = "Probability Theory and Related Fields"}
%%%
%%%@String{j-SCI-AMER              = "Scientific American"}

%%% ====================================================================
%%% Publishers and their addresses:

@String{pub-AW                  = "Ad{\-d}i{\-s}on-Wes{\-l}ey"}
@String{pub-AW:adr              = "Reading, MA, USA"}

@String{pub-BASIC-BOOKS         = "Basic Books"}
@String{pub-BASIC-BOOKS:adr     = "New York, NY, USA"}

@String{pub-CSLI                = "CSLI Publications"}
@String{pub-CSLI:adr            = "Stanford, CA, USA"}

@String{pub-CAMBRIDGE           = "Cambridge University Press"}
@String{pub-CAMBRIDGE:adr       = "Cambridge, UK"}

@String{pub-ELSEVIER            = "Elsevier"}
@String{pub-ELSEVIER:adr        = "Amsterdam, The Netherlands"}

@String{pub-ORA-MEDIA           = "O'Reilly Media, Inc."}
@String{pub-ORA-MEDIA:adr       = "1005 Gravenstein Highway North,
                                   Sebastopol, CA 95472, USA"}

@String{pub-SV                  = "Springer-Verlag"}
@String{pub-SV:adr              = "Berlin, Germany~/ Heidelberg, Germany~/
                                   London, UK~/ etc."}

@String{pub-WALKER              = "Walker and Company"}
@String{pub-WALKER:adr          = "435 Hudson Street, New York, NY 10014, USA"}

%%% ====================================================================
%%% Bibliography entries, sorted by citation key, with ``bibsort'':

@inproceedings{bodik2017domain,
  title={Domain-specific symbolic compilation},
  author={Bod{\'\i}k, Rastislav and Chandra, Kartik and Phothilimthana, Phitchaya Mangpo and Yazdani, Nathaniel},
  booktitle={LIPIcs-Leibniz International Proceedings in Informatics},
  volume={71},
  year={2017},
  organization={Schloss Dagstuhl-Leibniz-Zentrum fuer Informatik}
}

@inproceedings{meel2016constrained,
  title={Constrained Sampling and Counting: Universal Hashing Meets SAT Solving.},
  author={Meel, Kuldeep S and Vardi, Moshe Y and Chakraborty, Supratik and Fremont, Daniel J and Seshia, Sanjit A and Fried, Dror and Ivrii, Alexander and Malik, Sharad},
  year={2016}
}
@article{cohen1993psyscope,
  title={PsyScope: An interactive graphic system for designing and controlling experiments in the psychology laboratory using Macintosh computers},
  author={Cohen, Jonathan and MacWhinney, Brian and Flatt, Matthew and Provost, Jefferson},
  journal={Behavior Research Methods, Instruments, \& Computers},
  volume={25},
  number={2},
  pages={257--271},
  year={1993},
  publisher={Springer}
}
@article{peirce2009generating,
  title={Generating stimuli for neuroscience using PsychoPy},
  author={Peirce, Jonathan W},
  journal={Frontiers in neuroinformatics},
  volume={2},
  pages={10},
  year={2009},
  publisher={Frontiers}
}

@article{mathot2012opensesame,
  title={OpenSesame: An open-source, graphical experiment builder for the social sciences},
  author={Math{\^o}t, Sebastiaan and Schreij, Daniel and Theeuwes, Jan},
  journal={Behavior research methods},
  volume={44},
  number={2},
  pages={314--324},
  year={2012},
  publisher={Springer}
}

@inproceedings{torlak2014lightweight,
  title={A lightweight symbolic virtual machine for solver-aided host languages},
  author={Torlak, Emina and Bodik, Rastislav},
  booktitle={ACM SIGPLAN Notices},
  volume={49},
  number={6},
  pages={530--541},
  year={2014},
  organization={ACM}
}

@article{stroop1935studies,
  title={Studies of interference in serial verbal reactions.},
  author={Stroop, J Ridley},
  journal={Journal of experimental psychology},
  volume={18},
  number={6},
  pages={643},
  year={1935},
  publisher={Psychological Review Company}
}
